@misc{online,
    author = {Centers for Disease Control and Prevention (CDC)},
    title = {Your Guide to Masks},
    url = {https://www.cdc.gov/coronavirus/2019-ncov/prevent-getting-sick/about-face-coverings.html},
    year={2021}
}

@article{Report1,
    title={Control The COVID-19 Pandemic: Face Mask Detection Using Transfer Learning},
  author="Oumina, Abdellah and Makhfi, Noureddine El and Hamdi, Mustapha",
  journal = {2020 IEEE 2nd International Conference on Electronics, Control, Optimization and Computer Science (ICECOCS)},
  volume={},
  number={},
  pages={1-5},
  year={2020}
}

@article{Report2,
    title={Implementation of Principal Component Analysis on Masked and Non-masked Face Recognition},
  author="Ejaz, Sabbir and Rabiul Islam, Md. and Sifatullah, Md. and Sarker, Ananya",
  journal = { 2019 1st International Conference on Advances in Science, Engineering and Robotics Technology (ICASERT)},
  volume={},
  number={},
  pages={1-5},
  year={2019}
}

@article{Report3,
    title={A neural network face recognition system},
  author={Aitkenhead, M. J. and McDonald,A. J. S.},
  journal = {Engineering Applications of Artificial Intelligence},
  volume={16},
  issue = {3},
  pages={167-76},
  year={2003}
}

@misc{KNN,
author = {Scikit-Learn Developers},
title = {sklearn.neighbors.KNeighborsClassifier},
url = {https://scikit-learn.org/stable/modules/generated/sklearn.neighbors.KNeighborsClassifier.html}
}

@misc{decisionTree,
author = {Scikit-Learn Developers},
title = {sklearn.tree.DecisionTreeClassifier},
url = {https://scikit-learn.org/stable/modules/generated/sklearn.tree.DecisionTreeClassifier.html}
}

@misc{XGBoostDoc,
author = {XGBoost Developers},
title = {XGBoost Parameters},
url = {https://xgboost.readthedocs.io/en/latest/parameter.html}
}

@article{XGBoost,
author = {Tianqi Chen and Carlos Guestrin},
title = {XGBoost: A Scalable Tree Boosting System},
journal = {Proceedings of the 22nd ACM SIGKDD International Conference on Knowledge Discovery and Data Mining},
pages = {785-794},
year = {2016}
}

@article{multinomial,
author = {Carpita,Maurizio and Sandri, Marco and Simonetto, Anna and Zuccolotto, Paola},
title = {Cahpter 14-Football Mining with R},
journal = {Data Mining Applications with R},
pages = {397 - 433},
year = {2014}
}

@misc{lec_note,
author = {Sebastian Raschka},
title = {Lecture Slides 08 Logistics Regression and Multi-class classification},
pages = {8, 29},
year = {2021}
}

@misc{FMRD,
    author = {hadjadji b},
    title = "Face-Mask Recognition Dataset",
    url  = "https://www.kaggle.com/hadjadjib/facemask-recognition-dataset",
    year={2021}
}